@inproceedings{dufty1986molecular,
	title={Molecular dynamics simulation of statistical mechanical systems},
	author={Dufty, JW and Brey, JJ and Santos, A and Ciccotti, G and Hoover, WG},
	booktitle={Proc. Int. School of Physics “Enrico Fermi”, North-Holland, Amsterdam},
	year={1986}
}

@article{Andersen:1980ew,
	author = {Andersen, H C},
	title = {{Molecular dynamics simulations at constant pressure and/or temperature}},
	journal = {The Journal of chemical physics},
	year = {1980}
}

@article{Parrinello:1980kx,
	author = {Parrinello, M and Rahman, A},
	title = {{Crystal Structure and Pair Potentials: A Molecular-Dynamics Study}},
	journal = {Physical Review Letters},
	year = {1980},
	volume = {45},
	number = {14},
	pages = {1196--1199},
	month = oct
}

@article{Wentzcovitch:1991ka,
	author = {Wentzcovitch, R M},
	title = {{Invariant molecular-dynamics approach to structural phase transitions}},
	journal = {Physical Review B},
	year = {1991}
}

@misc{buffalomd,
	author = {Richard J. Gonsalves},
	title = {{Molecular Dynamics of Lennard-Jones System}},
	howpublished = {\url{http://www.physics.buffalo.edu/phy516/jan28.pdf}},
	note = {Accessed: 2017-04-10}}
}

@book{martin2004electronic,
  title={Electronic structure: basic theory and practical methods},
  author={Martin, Richard M},
  year={2004},
  publisher={Cambridge university press}
}

@article{Car:1985ix,
  author = {Car, R and Parrinello, M},
  title = {{Unified approach for molecular dynamics and density-functional theory}},
  journal = {Physical Review Letters},
  year = {1985}
}

@article{Kirkpatrick:1983zz,
  author = {Kirkpatrick, S and Gelatt, C D and Vecchi, M P},
  title = {{Optimization by Simulated Annealing}},
  journal = {Science},
  year = {1983},
  volume = {220},
  number = {4598},
  pages = {671--680}
}

@article{Ryckaert:1977gp,
  author = {Ryckaert, Jean-Paul and Ciccotti, Giovanni and Berendsen, Herman J C},
  title = {{Numerical integration of the cartesian equations of motion of a system with constraints: molecular dynamics of n-alkanes}},
  journal = {Journal of Computational Physics},
  year = {1977},
  volume = {23},
  number = {3},
  pages = {327--341},
  month = mar
}